@article{storn1997,
  title={Differential Evolution -- a simple and efficient heuristic for global optimization over continuous spaces},
  author={Storn, Rainer and Price, Kenneth},
  journal={Journal of global optimization},
  volume={11},
  number={4},
  pages={341--359},
  year={1997},
  publisher={Springer}
}

@article{kirkpatrick1983,
  title={Optimization by Simulated Annealing},
  author={Kirkpatrick, Scott and Vecchi, MP and others},
  journal={Science},
  volume={220},
  number={4598},
  pages={671--680},
  year={1983},
  publisher={Washington}
}

@article{wales1997,
  title={Global optimization by basin-hopping and the lowest energy structures of {Lennard-Jones} clusters containing up to 110 atoms},
  author={Wales, David J and Doye, Jonathan PK},
  journal={The Journal of Physical Chemistry A},
  volume={101},
  number={28},
  pages={5111--5116},
  year={1997},
  publisher={ACS Publications}
}

@phdthesis{pedersen2010,
  title={Tuning \& simplifying heuristical optimization},
  author={Pedersen, Magnus Erik Hvass},
  year={2010},
  school={University of Southampton}
}

@article{elser2007,
  title={Searching with Iterated Maps},
  author={Elser, Veit and Rankenburg, I and Thibault, P},
  journal={Proceedings of the National Academy of Sciences},
  volume={104},
  number={2},
  pages={418--423},
  year={2007},
  publisher={National Academy of Sciences}
}

@article{nelder1965,
  title={A simplex method for function minimization},
  author={Nelder, John A and Mead, Roger},
  journal={The computer journal},
  volume={7},
  number={4},
  pages={308--313},
  year={1965},
  publisher={Br Computer Soc}
}

@article{griewank1981,
  title={Generalized descent for global optimization},
  author={Griewank, Andreas O},
  journal={Journal of optimization theory and applications},
  volume={34},
  number={1},
  pages={11--39},
  year={1981},
  publisher={Springer}
}
