@unpublished{Wadler1998,
  title={The Expression Problem},
  author={Philip Wadler},
  note={submitted to the Java Genericity mailing list},
  year=1998
}

@mastersthesis{McSAF,
  title="McSAF: an extensible static analysis framework for the Matlab
    language",
  author={Jesse Doherty},
  school={McGill University},
  year=2011
}

@article{Swierstra2008,
  title={Functional pearl: datatypes à la carte},
  author={Wouter Swierstra},
  journal={Journal of Functional Programming},
  year=2008,
  volume=18,
  issue=4
}

@inbook{RecursionSchemes,
  author="Meijer, Erik
  and Fokkinga, Maarten
  and Paterson, Ross",
  editor="Hughes, John",
  title="Functional programming with bananas, lenses, envelopes and barbed wire",
  bookTitle="Functional Programming Languages and Computer Architecture: 5th ACM Conference Cambridge, MA, USA, August 26--30, 1991 Proceedings",
  year="1991",
  publisher="Springer Berlin Heidelberg",
  address="Berlin, Heidelberg",
  pages="124--144",
  isbn="978-3-540-47599-6",
  doi="10.1007/3540543961_7",
  url="http://dx.doi.org/10.1007/3540543961_7"
}

@unpublished{Goto,
  author={Jacob Thomas Errington and Frédéric Lafrance},
  title={Goto: considered harmful},
  url="https://github.com/tsani/goto",
  note={Our compiler built in COMP 520}
}

@unpublished{Fuckdown,
  author={Jacob Thomas Errington},
  title={Fuckdown2: a just-in-time brainfuck compiler},
  url="https://github.com/tsani/fuckdown2",
  note={A very simple JIT compiler using Datatypes à la Carte}
}
