@unpublished{Goto,
  author={Jacob Thomas Errington and Frédéric Lafrance},
  title={Goto: considered harmful},
  url="https://github.com/tsani/goto",
  note={Our compiler built in COMP 520}
}

@unpublished{Fuckdown,
  author={Jacob Thomas Errington},
  title={Fuckdown2: a just-in-time brainfuck compiler},
  url="https://github.com/tsani/fuckdown2",
  note={A very simple JIT compiler using Datatypes à la Carte}
}

@article{datatypes-a-la-carte,
  title={Functional pearl: datatypes à la carte},
  author={Wouter Swierstra},
  journal={Journal of Functional Programming},
  year=2008,
  volume=18,
  issue=4
}

@inproceedings{multirec,
  author = {Yakushev, Alexey Rodriguez and Holdermans, Stefan and L\"{o}h, Andres and Jeuring, Johan},
  title = {Generic Programming with Fixed Points for Mutually Recursive Datatypes},
  booktitle = {Proceedings of the 14th ACM SIGPLAN International Conference on Functional Programming},
  series = {ICFP '09},
  year = {2009},
  isbn = {978-1-60558-332-7},
  location = {Edinburgh, Scotland},
  pages = {233--244},
  numpages = {12},
  url = {http://doi.acm.org/10.1145/1596550.1596585},
  doi = {10.1145/1596550.1596585},
  acmid = {1596585},
  publisher = {ACM},
  address = {New York, NY, USA},
  keywords = {datatype-generic programming, fixed points, haskell, mutually recursive datatypes},
}

@mastersthesis{mcsaf,
  title="McSAF: an extensible static analysis framework for the Matlab
    language",
  author={Jesse Doherty},
  school={McGill University},
  year=2011
}

@unpublished{expression-problem,
  title={The Expression Problem},
  author={Philip Wadler},
  note={submitted to the Java Genericity mailing list},
  year=1998
}
